<record><leader>00000cas a2200000 a 4500</leader><controlfield tag="001">31159247</controlfield><controlfield tag="008">940922d18931906iluwr ne      0   a0eng c</controlfield><datafield ind1=" " ind2=" " tag="010"><subfield code="a">sn 94054569 </subfield></datafield><datafield ind1=" " ind2=" " tag="040"><subfield code="a">NVF</subfield><subfield code="b">eng</subfield><subfield code="c">NVF</subfield><subfield code="d">OCLCQ</subfield><subfield code="d">NVF</subfield><subfield code="d">OCLCF</subfield><subfield code="d">OCLCO</subfield><subfield code="d">NVF</subfield></datafield><datafield ind1=" " ind2=" " tag="042"><subfield code="a">pcc</subfield></datafield><datafield ind1=" " ind2=" " tag="043"><subfield code="a">n-us-il</subfield></datafield><datafield ind1="0" ind2="0" tag="245"><subfield code="a">Grayslake independent.</subfield></datafield><datafield ind1=" " ind2=" " tag="260"><subfield code="a">Libertyville, Ill. :</subfield><subfield code="b">Just &amp; Woodman</subfield></datafield><datafield ind1=" " ind2=" " tag="300"><subfield code="a">v.</subfield></datafield><datafield ind1=" " ind2=" " tag="310"><subfield code="a">Weekly</subfield></datafield><datafield ind1="1" ind2=" " tag="362"><subfield code="a">Began in 1893? Ceased in 1906.</subfield></datafield><datafield ind1=" " ind2=" " tag="580"><subfield code="a">Merged with: Lake County independent, and: Waukegan weekly sun, to form: Lake County independent and Waukegan weekly sun.</subfield></datafield><datafield ind1=" " ind2=" " tag="588"><subfield code="a">Description based on: Vol. 4, no. 41 (July 24, 1896).</subfield></datafield><datafield ind1=" " ind2=" " tag="588"><subfield code="a">Latest issue consulted: Feb. 24, 1899.</subfield></datafield><datafield ind1=" " ind2="0" tag="651"><subfield code="a">Grayslake (Ill.)</subfield><subfield code="v">Newspapers.</subfield></datafield><datafield ind1=" " ind2="7" tag="651"><subfield code="a">Illinois</subfield><subfield code="z">Grayslake.</subfield><subfield code="2">fast</subfield><subfield code="0">(OCoLC)fst01232873</subfield></datafield><datafield ind1=" " ind2="7" tag="655"><subfield code="a">Newspapers.</subfield><subfield code="2">fast</subfield><subfield code="0">(OCoLC)fst01423814</subfield></datafield><datafield ind1=" " ind2=" " tag="752"><subfield code="a">United States</subfield><subfield code="b">Illinois</subfield><subfield code="c">Lake</subfield><subfield code="d">Libertyville.</subfield></datafield><datafield ind1="1" ind2="7" tag="785"><subfield code="t">Lake County independent</subfield><subfield code="w">(DLC)sn 94054564</subfield><subfield code="w">(OCoLC)31159221</subfield></datafield><datafield ind1="1" ind2="7" tag="785"><subfield code="t">Waukegan weekly sun</subfield><subfield code="w">(DLC)sn 94054560</subfield><subfield code="w">(OCoLC)31156785</subfield></datafield><datafield ind1="1" ind2="7" tag="785"><subfield code="t">Lake County independent and Waukegan weekly sun</subfield><subfield code="w">(DLC)sn 94054565</subfield><subfield code="w">(OCoLC)31159273</subfield></datafield><datafield ind1="1" ind2=" " tag="029"><subfield code="a">AU@</subfield><subfield code="b">000011276697</subfield></datafield></record>